ref_article1
@article{finckenauer2005problems,
	title={Problems of definition: what is organized crime?},
	author={Finckenauer, James O},
	journal={Trends in organized crime},
	volume={8},
	number={3},
	pages={63--83},
	year={2005},
	publisher={Springer},
	url={https://doi.org/10.1007/s12117-005-1038-4}
}
ref_article26
@article{xu2005criminal,
	title={Criminal network analysis and visualization},
	author={Xu, Jennifer and Chen, Hsinchun},
	journal={Communications of the ACM},
	volume={48},
	number={6},
	pages={100--107},
	year={2005},
	publisher={ACM New York, NY, USA}
}
ref_article27
@article{feng2019big,
	title={Big data analytics and mining for effective visualization and trends forecasting of crime data},
	author={Feng, Mingchen and Zheng, Jiangbin and Ren, Jinchang and Hussain, Amir and Li, Xiuxiu and Xi, Yue and Liu, Qiaoyuan},
	journal={IEEE Access},
	volume={7},
	pages={106111--106123},
	year={2019},
	publisher={IEEE}
}
ref_article28
@article{mathew2021criminal,
	title={Criminal Networks Mining and Visualization for Crime Investigation},
	author={Mathew, Ammu and Mary Jose, Angelin and Sabu, Caniya and Raj, Asha and others},
	journal={ICICNIS},
	year={2021}
}
ref_article29
@inproceedings{chen2005visualization,
	title={Visualization in law enforcement},
	author={Chen, Hsinchun and Atabakhsh, Homa and Tseng, Chunju and Marshall, Byron and Kaza, Siddharth and Eggers, Shauna and Gowda, Hemanth and Shah, Ankit and Petersen, Tim and Violette, Chuck},
	booktitle={CHI'05 extended abstracts on Human factors in computing systems},
	pages={1268--1271},
	year={2005}
}
ref_article30
@misc{MPFChubutPaginaWeb,
	author = {Ministerio P{\'u}blico Fiscal},
	title = {P{\'a}gina Web},
	howpublished = {\url{https://www.mpfchubut.gov.ar/}}
}
ref_article33
@article{newman2005measure,
	title={A measure of betweenness centrality based on random walks},
	author={Newman, Mark EJ},
	journal={Social networks},
	volume={27},
	number={1},
	pages={39--54},
	year={2005},
	publisher={Elsevier}
}
ref_article35
@misc{visjsPaginaWeb,
	author = {visjs},
	title = {P{\'a}gina Web},
	howpublished = {\url{https://visjs.org/}}
}

@article{ma2014exploring,
	title={Exploring sharing patterns for video recommendation on YouTube-like social media},
	author={Ma, Xiaoqiang and others},
	journal={Multimedia Systems},
	volume={20},
	number={6},
	pages={675--691},
	year={2014},
	publisher={Springer}
}

@article{dubinsky1984mathematical,
	title={Mathematical Structures for Computer Science. By Judith L. Gersting},
	author={Dubinsky, Edward},
	journal={The American Mathematical Monthly},
	volume={91},
	number={6},
	pages={379--381},
	year={1984},
	publisher={Taylor \& Francis}
}

@article{brin1998anatomy,
	title={The anatomy of a large-scale hypertextual web search engine},
	author={Brin, Sergey and Page, Lawrence},
	journal={Computer networks and ISDN systems},
	volume={30},
	number={1-7},
	pages={107--117},
	year={1998},
	publisher={Elsevier}
}

@techreport{page1999pagerank,
	title={The PageRank citation ranking: Bringing order to the web.},
	author={Page, Lawrence and Brin, Sergey and Motwani, Rajeev and Winograd, Terry},
	year={1999},
	institution={Stanford InfoLab}
}

@article{gobel1974random,
	title={Random walks on graphs},
	author={G{\"o}bel, F and Jagers, AA},
	journal={Stochastic processes and their applications},
	volume={2},
	number={4},
	pages={311--336},
	year={1974},
	publisher={Elsevier}
}

@article{franceschet2011pagerank,
	title={PageRank: Standing on the shoulders of giants},
	author={Franceschet, Massimo},
	journal={Communications of the ACM},
	volume={54},
	number={6},
	pages={92--101},
	year={2011},
	publisher={ACM New York, NY, USA}
}

@article{lin2010data,
	title={Data-intensive text processing with MapReduce},
	author={Lin, Jimmy and Dyer, Chris},
	journal={Synthesis Lectures on Human Language Technologies},
	volume={3},
	number={1},
	pages={1--177},
	year={2010},
	publisher={Morgan \& Claypool Publishers}
}